1747 2796
526 163 1028 210 INTRODUCTION.
1285 177 1396 217 xxiii

145 261 322 312 readings
361 265 407 302 of
437 265 502 303 the
542 268 640 306 Cod.
678 270 882 320 Galeanus,
914 286 956 311 as
992 276 1217 327 possessing
1244 292 1268 316 a
1294 280 1396 319 local

144 327 314 376 interest,
337 329 376 367 in
397 343 506 370 cases
525 333 652 372 where
672 335 766 386 they
785 339 981 387 appeared
1001 345 1042 378 to
1060 352 1124 379 me
1143 347 1184 381 to
1203 343 1350 382 exhibit
1371 359 1394 383 a

144 392 368 432 distinctive
387 396 600 435 character.

224 457 268 509 (i)
327 460 489 499 ‘Codex
505 462 860 512 Montepessulanus
880 469 1151 509 celeberrimus
1171 470 1304 523 (stfffi),
1326 473 1391 523 qui
1410 488 1470 520 alp.

140 530 291 571 praeter
327 525 503 564 Nonium
550 527 668 566 etiam
715 530 837 569 Persii
883 532 1018 572 satiras
1065 535 1249 583 continet,
1293 543 1390 576 teste

143 588 339 627 Haenelio
367 592 688 631 membranaceus
717 597 874 634 saeculo
898 608 953 636 lx.
977 599 1151 649 scriptus.
1215 602 1256 639 Is
1286 601 1389 640 enim

140 652 177 689 in
197 653 275 691 fine
297 654 624 704 subscriptionem
644 661 858 698 monstrat.'

218 716 272 768 (ii)
329 719 487 757 ‘Codex
506 721 644 759 eadem
671 723 956 774 subscriptione
979 726 1140 778 insignis
1166 732 1321 770 Romae
1347 733 1387 770 in
1406 747 1488 772 Rom.

138 782 326 821 tabulario
355 782 538 822 basilicae
568 785 782 825 Vaticanae
814 787 973 841 (Rom),
999 805 1047 830 ex
1072 793 1276 832 Niebuhrii
1305 809 1387 834 sen-

136 845 257 883 tentia
293 858 391 885 saec.
425 859 477 895 x.‚
510 862 558 887 ex
594 851 794 890 archivarii
832 866 930 893 saec.
962 867 1018 895 XI.
1060 858 1246 908 scriptus.y
1301 861 1386 898 The

133 911 351 960 subscriptio
387 913 544 952 alluded
582 922 622 953 to
659 915 699 953 in
739 918 804 955 the
841 920 968 959 above
1006 922 1157 961 notices
1190 923 1222 962 is
1251 931 1291 963 to
1320 926 1384 963 the

135 973 250 1011 effect
276 974 359 1013 that
383 976 475 1026 they
493 990 593 1016 were
614 979 710 1017 both
734 981 875 1031 copied
901 984 1000 1023 from
1025 998 1050 1023 a
1075 988 1147 1026 MS
1167 988 1316 1027 written
1344 989 1383 1027 in

134 1038 197 1075 the
227 1051 318 1088 year
346 1052 426 1079 A.D.
450 1054 525 1088 402
555 1044 607 1093 by
633 1057 709 1083 one
739 1047 794 1084 Fl.
816 1048 953 1097 Julius,
975 1049 1016 1088 in
1045 1063 1317 1102 consequence
1345 1056 1389 1092 of

131 1102 255 1140 which
288 1104 380 1154 they
410 1118 474 1146 are
508 1109 705 1158 generally
733 1111 901 1150 referred
932 1119 973 1152 to
1005 1127 1047 1152 as
1078 1128 1154 1154 one
1189 1118 1270 1164 MS,
1304 1120 1381 1156 and

132 1167 229 1205 their
273 1168 408 1208 united
455 1172 649 1222 authority
694 1174 725 1212 is
771 1177 860 1215 thus
911 1178 1115 1220 described
1158 1183 1210 1232 by
1250 1183 1379 1232 Jahn:

133 1233 350 1281 ‘apparebit
377 1234 544 1284 primum
574 1240 687 1278 codd.
710 1240 794 1290 stffp.
821 1249 860 1280 et
887 1244 997 1283 Rom.
1030 1257 1078 1283 ex
1103 1246 1244 1284 eodem
1271 1248 1379 1286 fonte

129 1309 318 1344 manasse,
340 1306 380 1336 et
403 1300 488 1348 Λῇύ.
518 1303 636 1350 paulo
663 1303 822 1353 quidem
848 1308 970 1347 altero
996 1310 1240 1349 emendatius
1267 1312 1379 1361 scrip-

129 1367 210 1397 tum
239 1374 335 1410 esse,
357 1376 431 1401 nec
460 1365 623 1404 alterum
652 1380 700 1405 ex
727 1370 849 1409 altero
878 1371 1114 1422 descriptum
1142 1375 1275 1423 videri,
1297 1382 1378 1414 tum

130 1425 308 1464 codicem
342 1427 450 1465 illurn
478 1430 689 1470 maximam
721 1441 873 1482 partem
900 1438 1020 1475 verba
1049 1439 1168 1478 Persii
1196 1441 1249 1479 ita
1276 1442 1378 1480 exhi-

128 1489 267 1537 buisse,
318 1499 362 1529 ut
407 1506 478 1542 per
523 1503 672 1535 ceteros
717 1498 874 1538 codices
916 1502 1031 1541 nobis
1080 1513 1229 1544 servata
1275 1516 1372 1547 sunt.

128 1555 175 1592 Id
195 1554 299 1593 enim
325 1557 532 1608 praecipue
552 1561 705 1610 assequi
725 1563 841 1611 volui,
863 1577 913 1603 ne
934 1566 1020 1616 quis
1039 1567 1133 1606 vitia
1152 1570 1264 1608 codd.
1286 1571 1370 1621 stffp.

124 1619 231 1657 Rom.
263 1619 454 1670 singulare
482 1623 576 1672 quid
605 1627 838 1673 portendere
865 1632 1197 1678 putet....Revera
1233 1641 1373 1674 utrum-

125 1695 199 1731 que
236 1684 415 1724 codicem
444 1699 492 1725 ex
520 1689 662 1728 eodem
690 1690 790 1730 libro
819 1694 1055 1746 descriptum
1084 1710 1169 1737 esse
1197 1708 1371 1749 apertum

124 1754 181 1786 est
201 1760 248 1786 ex
266 1749 364 1788 miro
391 1750 590 1802 utriusque
617 1766 820 1803 consensu,
845 1758 911 1807 qui
937 1766 1067 1799 tantus
1093 1769 1161 1809 est,
1184 1770 1371 1812 quantum

123 1811 161 1849 in
199 1813 352 1852 duobus
391 1817 505 1855 codd.
547 1819 776 1868 exspectare
813 1823 953 1871 possis.
1010 1826 1159 1864 Contra
1182 1840 1263 1866 non
1288 1842 1371 1868 esse

121 1877 283 1916 alterum
309 1892 357 1917 ex
382 1881 503 1920 altero
529 1882 766 1934 descriptum
787 1886 1027 1927 diversitates
1053 1892 1246 1939 quaedam
1264 1906 1373 1933 mon-

121 1944 252 1986 strant,
267 1940 408 1990 quibus
426 1944 625 1993 probatur,
644 1946 804 1986 diversis
819 1948 916 1987 locis
935 1950 1160 1990 alterutrum
1175 1953 1370 1993 librarium

124 2002 270 2043 codicis
316 2006 516 2057 archetypi
563 2009 706 2049 duc'tus
758 2012 896 2052 melius
946 2015 1369 2058 intellexisse...verum

119 2067 270 2105 mendis
296 2080 429 2107 eorum
454 2070 555 2110 inter
581 2086 621 2111 se
649 2078 895 2125 comparatis,
917 2079 1012 2128 quid
1038 2079 1079 2117 in
1099 2082 1236 2121 codice
1256 2083 1369 2133 scrip-

120 2136 200 2167 tum
219 2131 344 2180 fuerit,
366 2133 528 2185 intelligi
545 2140 892 2186 posse...Nullum
921 2142 1084 2182 omnino
1110 2145 1289 2185 codicem
1313 2147 1367 2185 in-

117 2195 216 2242 veni,
255 2197 322 2246 qui
359 2206 512 2248 praeter
547 2202 631 2251 Affp.
673 2212 711 2243 et
746 2207 857 2245 Rom.
899 2209 949 2246 ad
985 2208 1091 2248 idem
1128 2212 1366 2263 archetypon

116 2260 244 2299 referri
262 2263 410 2312 possit.'

196 2323 269 2379 (iii)
326 2328 507 2369 ‘Codicis
570 2333 811 2384 palimpsesti
878 2338 1048 2376 Vaticani
1107 2341 1363 2391 fragmentum
1388 2353 1452 2379 Vae.

117 2385 248 2439 (Vat.).
299 2393 346 2429 In
368 2394 620 2435 celeberrimo
632 2397 699 2437 illo
713 2399 848 2438 codice
860 2401 1046 2452 rescripto
1059 2403 1152 2442 olim
1165 2405 1361 2456 Bobiensi,

115 2450 155 2488 in
183 2464 261 2502 quo
289 2466 379 2495 ante
409 2471 509 2497 saec.
530 2471 569 2499 x,
593 2462 802 2502 concilium
828 2465 996 2515 primum
1025 2468 1362 2511 Chalcedoniense

115 2517 296 2567 scriptum
317 2529 388 2569 est,
403 2525 512 2573 cujus
532 2538 621 2575 pars
640 2528 759 2567 altera
774 2528 811 2566 in
833 2530 1072 2571 bibliotheca
1089 2535 1359 2585 Ambrosiana,
