<?xml version="1.0" encoding="UTF-8"?>
<!DOCTYPE html PUBLIC "-//W3C//DTD XHTML 1.0 Transitional//EN"
    "http://www.w3.org/TR/xhtml1/DTD/xhtml1-transitional.dtd">
<html xmlns="http://www.w3.org/1999/xhtml" xml:lang="en" lang="en">
 <head>
  <title>
</title>
<meta http-equiv="Content-Type" content="text/html;charset=utf-8" />
  <meta name='ocr-system' content='tesseract 3.04.00' />
  <meta name='ocr-capabilities' content='ocr_page ocr_carea ocr_par ocr_line ocrx_word'/>
</head>
<body>
  <div class='ocr_page' id='page_1' title='image "./satirarumlibered00persuoft_0028.png"; bbox 0 0 1795 2764; ppageno 0'>
   <div class='ocr_carea' id='block_1_1' title="bbox 367 102 1241 144">
    <p class='ocr_par' dir='ltr' id='par_1_1' title="bbox 367 102 1241 144">
     <span class='ocr_line' id='line_1_1' title="bbox 367 102 1241 144; baseline -0.001 0"><span class='ocrx_word' id='word_1_1' title='bbox 367 105 476 144; x_wconf 79' lang='lat' dir='ltr'>xxiv</span> <span class='ocrx_word' id='word_1_2' title='bbox 741 102 1241 144; x_wconf 80' lang='lat' dir='ltr'>INTRODUCTION.</span> 
     </span>
    </p>
   </div>
   <div class='ocr_carea' id='block_1_2' title="bbox 365 211 1623 1688">
    <p class='ocr_par' dir='ltr' id='par_1_2' title="bbox 365 211 1622 845">
     <span class='ocr_line' id='line_1_2' title="bbox 365 211 1620 261; baseline -0.001 -12"><span class='ocrx_word' id='word_1_3' title='bbox 365 213 485 249; x_wconf 87' lang='lat' dir='ltr'>altera</span> <span class='ocrx_word' id='word_1_4' title='bbox 505 211 543 248; x_wconf 91' lang='lat' dir='ltr'>in</span> <span class='ocrx_word' id='word_1_5' title='bbox 565 211 757 249; x_wconf 87' lang='lat' dir='ltr'>Vaticana</span> <span class='ocrx_word' id='word_1_6' title='bbox 776 217 957 257; x_wconf 87' lang='lat' dir='ltr'>servatur,</span> <span class='ocrx_word' id='word_1_7' title='bbox 970 217 1019 248; x_wconf 51' lang='lat' dir='ltr'>‘et</span> <span class='ocrx_word' id='word_1_8' title='bbox 1038 224 1059 249; x_wconf 93' lang='lat' dir='ltr'>e</span> <span class='ocrx_word' id='word_1_9' title='bbox 1080 223 1158 259; x_wconf 88' lang='lat' dir='ltr'>quo</span> <span class='ocrx_word' id='word_1_10' title='bbox 1185 218 1243 248; x_wconf 88' lang='lat' dir='ltr'>tot</span> <span class='ocrx_word' id='word_1_11' title='bbox 1268 212 1482 259; x_wconf 83' lang='lat' dir='ltr'>praeclaras</span> <span class='ocrx_word' id='word_1_12' title='bbox 1507 211 1620 261; x_wconf 91' lang='lat' dir='ltr'>scrip-</span> 
     </span>
     <span class='ocr_line' id='line_1_3' title="bbox 367 263 1618 324; baseline 0.001 -11"><span class='ocrx_word' id='word_1_13' title='bbox 367 283 493 314; x_wconf 88' lang='lat' dir='ltr'>torum</span> <span class='ocrx_word' id='word_1_14' title='bbox 512 275 760 324; x_wconf 85' lang='lat' dir='ltr'>antiquorum</span> <span class='ocrx_word' id='word_1_15' title='bbox 780 274 960 324; x_wconf 82' lang='lat' dir='ltr'>reliquias</span> <span class='ocrx_word' id='word_1_16' title='bbox 980 276 1028 312; x_wconf 91' lang='lat' dir='ltr'>A.</span> <span class='ocrx_word' id='word_1_17' title='bbox 1044 263 1181 312; x_wconf 27' lang='lat' dir='ltr'>*Maius</span> <span class='ocrx_word' id='word_1_18' title='bbox 1201 274 1241 312; x_wconf 90' lang='lat' dir='ltr'>in</span> <span class='ocrx_word' id='word_1_19' title='bbox 1268 276 1395 313; x_wconf 88' lang='lat' dir='ltr'>lucem</span> <span class='ocrx_word' id='word_1_20' title='bbox 1421 276 1618 324; x_wconf 78' lang='lat' dir='ltr'>protraxit,</span> 
     </span>
     <span class='ocr_line' id='line_1_4' title="bbox 366 338 1620 390; baseline 0 -12"><span class='ocrx_word' id='word_1_21' title='bbox 366 340 407 378; x_wconf 90' lang='lat' dir='ltr'>in</span> <span class='ocrx_word' id='word_1_22' title='bbox 445 354 493 379; x_wconf 90' lang='lat' dir='ltr'>eo</span> <span class='ocrx_word' id='word_1_23' title='bbox 526 340 640 390; x_wconf 82' lang='lat' dir='ltr'>igitur</span> <span class='ocrx_word' id='word_1_24' title='bbox 667 353 789 378; x_wconf 90' lang='lat' dir='ltr'>unum</span> <span class='ocrx_word' id='word_1_25' title='bbox 819 352 975 389; x_wconf 83' lang='lat' dir='ltr'>quoque</span> <span class='ocrx_word' id='word_1_26' title='bbox 1005 338 1126 377; x_wconf 87' lang='lat' dir='ltr'>Persii</span> <span class='ocrx_word' id='word_1_27' title='bbox 1155 339 1290 377; x_wconf 88' lang='lat' dir='ltr'>folium</span> <span class='ocrx_word' id='word_1_28' title='bbox 1319 339 1520 377; x_wconf 86' lang='lat' dir='ltr'>inventum</span> <span class='ocrx_word' id='word_1_29' title='bbox 1549 347 1620 378; x_wconf 87' lang='lat' dir='ltr'>est.</span> 
     </span>
     <span class='ocr_line' id='line_1_5' title="bbox 369 404 1620 456; baseline 0 -13"><span class='ocrx_word' id='word_1_30' title='bbox 369 407 567 456; x_wconf 85' lang='lat' dir='ltr'>Leguntur</span> <span class='ocrx_word' id='word_1_31' title='bbox 585 405 626 443; x_wconf 91' lang='lat' dir='ltr'>in</span> <span class='ocrx_word' id='word_1_32' title='bbox 645 405 722 443; x_wconf 93' lang='lat' dir='ltr'>hoc</span> <span class='ocrx_word' id='word_1_33' title='bbox 747 404 842 443; x_wconf 88' lang='lat' dir='ltr'>folio</span> <span class='ocrx_word' id='word_1_34' title='bbox 871 406 946 443; x_wconf 88' lang='lat' dir='ltr'>Sat.</span> <span class='ocrx_word' id='word_1_35' title='bbox 971 415 996 452; x_wconf 88' lang='grc' dir='ltr'>Ι,</span> <span class='ocrx_word' id='word_1_36' title='bbox 1018 418 1097 442; x_wconf 86' lang='lat' dir='ltr'>ver.</span> <span class='ocrx_word' id='word_1_37' title='bbox 1120 415 1315 454; x_wconf 84' lang='lat'>57—-103,</span> <span class='ocrx_word' id='word_1_38' title='bbox 1337 417 1463 454; x_wconf 84' lang='lat' dir='ltr'>neque</span> <span class='ocrx_word' id='word_1_39' title='bbox 1490 412 1620 444; x_wconf 88' lang='lat' dir='ltr'>tamen</span> 
     </span>
     <span class='ocr_line' id='line_1_6' title="bbox 368 469 1621 519; baseline 0 -11"><span class='ocrx_word' id='word_1_40' title='bbox 368 469 408 508; x_wconf 86' lang='lat' dir='ltr'>in</span> <span class='ocrx_word' id='word_1_41' title='bbox 427 477 507 508; x_wconf 89' lang='lat' dir='ltr'>tam</span> <span class='ocrx_word' id='word_1_42' title='bbox 526 470 688 519; x_wconf 89' lang='lat' dir='ltr'>antiquo</span> <span class='ocrx_word' id='word_1_43' title='bbox 708 470 845 508; x_wconf 90' lang='lat' dir='ltr'>codice</span> <span class='ocrx_word' id='word_1_44' title='bbox 864 469 1085 519; x_wconf 87' lang='lat' dir='ltr'>incorrupti.</span> <span class='ocrx_word' id='word_1_45' title='bbox 1146 469 1348 509; x_wconf 89' lang='lat' dir='ltr'>Scribendi</span> <span class='ocrx_word' id='word_1_46' title='bbox 1366 469 1463 508; x_wconf 87' lang='lat' dir='ltr'>ratio</span> <span class='ocrx_word' id='word_1_47' title='bbox 1483 469 1621 508; x_wconf 88' lang='lat' dir='ltr'>eadem</span> 
     </span>
     <span class='ocr_line' id='line_1_7' title="bbox 367 534 1621 585; baseline 0.001 -13"><span class='ocrx_word' id='word_1_48' title='bbox 367 535 458 582; x_wconf 86' lang='lat' dir='ltr'>fere,</span> <span class='ocrx_word' id='word_1_49' title='bbox 491 548 591 585; x_wconf 90' lang='lat' dir='ltr'>quae</span> <span class='ocrx_word' id='word_1_50' title='bbox 621 535 662 573; x_wconf 91' lang='lat' dir='ltr'>in</span> <span class='ocrx_word' id='word_1_51' title='bbox 691 536 776 585; x_wconf 73' lang='lat' dir='ltr'>Mp.</span> <span class='ocrx_word' id='word_1_52' title='bbox 808 536 946 581; x_wconf 73' lang='lat' dir='ltr'><em>Rom.,·</em></span> <span class='ocrx_word' id='word_1_53' title='bbox 985 535 1101 573; x_wconf 90' lang='lat' dir='ltr'>etiam</span> <span class='ocrx_word' id='word_1_54' title='bbox 1131 534 1311 573; x_wconf 85' lang='lat' dir='ltr'>vitiorum</span> <span class='ocrx_word' id='word_1_55' title='bbox 1346 535 1538 585; x_wconf 81' lang='lat' dir='ltr'>quaedam</span> <span class='ocrx_word' id='word_1_56' title='bbox 1571 536 1621 573; x_wconf 86' lang='lat' dir='ltr'>ad</span> 
     </span>
     <span class='ocr_line' id='line_1_8' title="bbox 368 600 1620 651; baseline 0.001 -14"><span class='ocrx_word' id='word_1_57' title='bbox 368 600 626 650; x_wconf 84' lang='lat' dir='ltr'>corruptionis</span> <span class='ocrx_word' id='word_1_58' title='bbox 644 614 767 651; x_wconf 87' lang='lat' dir='ltr'>genus</span> <span class='ocrx_word' id='word_1_59' title='bbox 788 600 982 639; x_wconf 88' lang='lat' dir='ltr'>accedunt</span> <span class='ocrx_word' id='word_1_60' title='bbox 1008 601 1115 650; x_wconf 88' lang='lat' dir='ltr'>quod</span> <span class='ocrx_word' id='word_1_61' title='bbox 1138 600 1178 638; x_wconf 93' lang='lat' dir='ltr'>in</span> <span class='ocrx_word' id='word_1_62' title='bbox 1204 601 1291 649; x_wconf 71' lang='lat' dir='ltr'>Mp.</span> <span class='ocrx_word' id='word_1_63' title='bbox 1311 601 1422 638; x_wconf 83' lang='lat' dir='ltr'>Rom.</span> <span class='ocrx_word' id='word_1_64' title='bbox 1444 601 1620 639; x_wconf 87' lang='lat' dir='ltr'>observa-</span> 
     </span>
     <span class='ocr_line' id='line_1_9' title="bbox 368 665 1621 704; baseline 0.002 -2"><span class='ocrx_word' id='word_1_65' title='bbox 368 675 450 703; x_wconf 86' lang='lat' dir='ltr'>tum</span> <span class='ocrx_word' id='word_1_66' title='bbox 499 672 565 703; x_wconf 81' lang='lat' dir='ltr'>est.</span> <span class='ocrx_word' id='word_1_67' title='bbox 625 667 718 704; x_wconf 92' lang='lat' dir='ltr'>Non</span> <span class='ocrx_word' id='word_1_68' title='bbox 767 674 898 704; x_wconf 87' lang='lat' dir='ltr'>tamen</span> <span class='ocrx_word' id='word_1_69' title='bbox 937 679 985 704; x_wconf 85' lang='lat' dir='ltr'>ex</span> <span class='ocrx_word' id='word_1_70' title='bbox 1022 666 1164 704; x_wconf 89' lang='lat' dir='ltr'>eodem</span> <span class='ocrx_word' id='word_1_71' title='bbox 1203 666 1292 704; x_wconf 83' lang='lat' dir='ltr'>cod.</span> <span class='ocrx_word' id='word_1_72' title='bbox 1332 665 1498 703; x_wconf 67' lang='lat' dir='ltr'>ductum</span> <span class='ocrx_word' id='word_1_73' title='bbox 1538 678 1621 704; x_wconf 89' lang='lat' dir='ltr'>esse</span> 
     </span>
     <span class='ocr_line' id='line_1_10' title="bbox 381 729 1622 780; baseline 0.002 -14"><span class='ocrx_word' id='word_1_74' title='bbox 381 730 598 767; x_wconf 80' lang='lat' dir='ltr'><em>Vaticanum</em></span> <span class='ocrx_word' id='word_1_75' title='bbox 635 731 696 768; x_wconf 90' lang='lat' dir='ltr'>vel</span> <span class='ocrx_word' id='word_1_76' title='bbox 734 729 774 767; x_wconf 90' lang='lat' dir='ltr'>in</span> <span class='ocrx_word' id='word_1_77' title='bbox 812 737 892 768; x_wconf 87' lang='lat' dir='ltr'>tam</span> <span class='ocrx_word' id='word_1_78' title='bbox 931 730 1070 780; x_wconf 85' lang='lat' dir='ltr'>exiguo</span> <span class='ocrx_word' id='word_1_79' title='bbox 1110 730 1237 780; x_wconf 88' lang='lat' dir='ltr'>spatio</span> <span class='ocrx_word' id='word_1_80' title='bbox 1276 738 1382 769; x_wconf 88' lang='lat' dir='ltr'>certo</span> <span class='ocrx_word' id='word_1_81' title='bbox 1421 730 1622 779; x_wconf 84' lang='lat' dir='ltr'>dijudicari</span> 
     </span>
     <span class='ocr_line' id='line_1_11' title="bbox 369 798 521 845; baseline 0 -11"><span class='ocrx_word' id='word_1_82' title='bbox 369 798 521 845; x_wconf 87' lang='lat' dir='ltr'>potest.⁷</span> 
     </span>
    </p>

    <p class='ocr_par' dir='ltr' id='par_1_3' title="bbox 368 859 1623 1286">
     <span class='ocr_line' id='line_1_12' title="bbox 447 859 1623 912; baseline 0 -14"><span class='ocrx_word' id='word_1_83' title='bbox 447 859 514 912; x_wconf 89' lang='lat' dir='ltr'>(iv)</span> <span class='ocrx_word' id='word_1_84' title='bbox 572 861 710 899; x_wconf 80' lang='lat' dir='ltr'>Codex</span> <span class='ocrx_word' id='word_1_85' title='bbox 729 860 992 899; x_wconf 81' lang='lat' dir='ltr'>bibliothecae</span> <span class='ocrx_word' id='word_1_86' title='bbox 1011 861 1214 898; x_wconf 75' lang='lat' dir='ltr'>Bemmsis</span> <span class='ocrx_word' id='word_1_87' title='bbox 1232 859 1280 910; x_wconf 89' lang='lat' dir='ltr'>(B</span> <span class='ocrx_word' id='word_1_88' title='bbox 1297 861 1348 910; x_wconf 92' lang='lat'>1.)</span> <span class='ocrx_word' id='word_1_89' title='bbox 1367 861 1623 907; x_wconf 75' lang='lat' dir='ltr'>‘membrana-</span> 
     </span>
     <span class='ocr_line' id='line_1_13' title="bbox 368 925 1622 976; baseline 0.001 -14"><span class='ocrx_word' id='word_1_90' title='bbox 368 937 460 963; x_wconf 88' lang='lat' dir='ltr'>ceus</span> <span class='ocrx_word' id='word_1_91' title='bbox 489 937 587 963; x_wconf 88' lang='lat' dir='ltr'>saec.</span> <span class='ocrx_word' id='word_1_92' title='bbox 611 936 648 962; x_wconf 85' lang='lat' dir='ltr'>X.</span> <span class='ocrx_word' id='word_1_93' title='bbox 710 925 872 976; x_wconf 81' lang='lat' dir='ltr'>Egregie</span> <span class='ocrx_word' id='word_1_94' title='bbox 899 925 1064 974; x_wconf 87' lang='lat' dir='ltr'>scriptus</span> <span class='ocrx_word' id='word_1_95' title='bbox 1090 932 1158 972; x_wconf 85' lang='lat' dir='ltr'>est,</span> <span class='ocrx_word' id='word_1_96' title='bbox 1179 925 1384 975; x_wconf 77' lang='lat' dir='ltr'>perpaucis</span> <span class='ocrx_word' id='word_1_97' title='bbox 1411 925 1622 975; x_wconf 82' lang='lat' dir='ltr'>scripturae</span> 
     </span>
     <span class='ocr_line' id='line_1_14' title="bbox 369 989 1622 1040; baseline 0.001 -13"><span class='ocrx_word' id='word_1_98' title='bbox 369 989 622 1039; x_wconf 87' lang='lat' dir='ltr'>compendiis.</span> <span class='ocrx_word' id='word_1_99' title='bbox 682 992 807 1029; x_wconf 87' lang='lat' dir='ltr'>Deest</span> <span class='ocrx_word' id='word_1_100' title='bbox 837 990 927 1028; x_wconf 88' lang='lat' dir='ltr'>huic</span> <span class='ocrx_word' id='word_1_101' title='bbox 953 990 1082 1029; x_wconf 91' lang='lat' dir='ltr'>codici</span> <span class='ocrx_word' id='word_1_102' title='bbox 1101 990 1237 1029; x_wconf 85' lang='lat' dir='ltr'>folium</span> <span class='ocrx_word' id='word_1_103' title='bbox 1267 998 1458 1040; x_wconf 83' lang='lat' dir='ltr'>quartum,</span> <span class='ocrx_word' id='word_1_104' title='bbox 1483 990 1523 1028; x_wconf 87' lang='lat' dir='ltr'>in</span> <span class='ocrx_word' id='word_1_105' title='bbox 1544 1004 1622 1040; x_wconf 87' lang='lat' dir='ltr'>quo</span> 
     </span>
     <span class='ocr_line' id='line_1_15' title="bbox 370 1053 1619 1104; baseline 0.002 -13"><span class='ocrx_word' id='word_1_106' title='bbox 370 1053 499 1103; x_wconf 85' lang='lat' dir='ltr'>scripti</span> <span class='ocrx_word' id='word_1_107' title='bbox 520 1061 628 1092; x_wconf 88' lang='lat' dir='ltr'>erant</span> <span class='ocrx_word' id='word_1_108' title='bbox 649 1066 673 1092; x_wconf 91' lang='lat'>1.</span> <span class='ocrx_word' id='word_1_109' title='bbox 695 1056 843 1103; x_wconf 89' lang='lat'>96—11.</span> <span class='ocrx_word' id='word_1_110' title='bbox 861 1056 922 1101; x_wconf 85' lang='lat'>48.</span> <span class='ocrx_word' id='word_1_111' title='bbox 983 1056 1088 1093; x_wconf 91' lang='lat' dir='ltr'>Usus</span> <span class='ocrx_word' id='word_1_112' title='bbox 1111 1068 1158 1093; x_wconf 89' lang='lat' dir='ltr'>eo</span> <span class='ocrx_word' id='word_1_113' title='bbox 1179 1062 1237 1093; x_wconf 89' lang='lat' dir='ltr'>est</span> <span class='ocrx_word' id='word_1_114' title='bbox 1253 1056 1335 1104; x_wconf 87' lang='lat' dir='ltr'>jam</span> <span class='ocrx_word' id='word_1_115' title='bbox 1351 1056 1619 1102; x_wconf 88' lang='lat' dir='ltr'>Casaubonus‚</span> 
     </span>
     <span class='ocr_line' id='line_1_16' title="bbox 371 1118 1622 1169; baseline 0.001 -12"><span class='ocrx_word' id='word_1_116' title='bbox 371 1119 436 1168; x_wconf 90' lang='lat' dir='ltr'>qui</span> <span class='ocrx_word' id='word_1_117' title='bbox 472 1119 720 1169; x_wconf 65' lang='lat' dir='ltr'>perantiquae,</span> <span class='ocrx_word' id='word_1_118' title='bbox 754 1118 954 1157; x_wconf 88' lang='lat' dir='ltr'>clarissimi</span> <span class='ocrx_word' id='word_1_119' title='bbox 991 1118 1061 1156; x_wconf 89' lang='lat' dir='ltr'>viri</span> <span class='ocrx_word' id='word_1_120' title='bbox 1098 1118 1237 1168; x_wconf 90' lang='lat' dir='ltr'>Jacobi</span> <span class='ocrx_word' id='word_1_121' title='bbox 1276 1119 1462 1168; x_wconf 84' lang='lat' dir='ltr'>Bongarsi</span> <span class='ocrx_word' id='word_1_122' title='bbox 1506 1132 1622 1158; x_wconf 91' lang='lat' dir='ltr'>mem-</span> 
     </span>
     <span class='ocr_line' id='line_1_17' title="bbox 369 1182 1622 1234; baseline -0.001 -12"><span class='ocrx_word' id='word_1_123' title='bbox 369 1185 508 1222; x_wconf 80' lang='lat' dir='ltr'>branas</span> <span class='ocrx_word' id='word_1_124' title='bbox 546 1191 661 1222; x_wconf 82' lang='lat' dir='ltr'>vocat</span> <span class='ocrx_word' id='word_1_125' title='bbox 699 1192 736 1222; x_wconf 88' lang='lat' dir='ltr'>et</span> <span class='ocrx_word' id='word_1_126' title='bbox 770 1184 900 1234; x_wconf 86' lang='lat' dir='ltr'>magni</span> <span class='ocrx_word' id='word_1_127' title='bbox 931 1182 1132 1231; x_wconf 81' lang='lat' dir='ltr'>aestimat3</span> <span class='ocrx_word' id='word_1_128' title='bbox 1172 1183 1288 1222; x_wconf 89' lang='lat' dir='ltr'>etiarn</span> <span class='ocrx_word' id='word_1_129' title='bbox 1326 1182 1421 1221; x_wconf 89' lang='lat' dir='ltr'>mihi</span> <span class='ocrx_word' id='word_1_130' title='bbox 1449 1196 1622 1222; x_wconf 84' lang='lat' dir='ltr'>summae</span> 
     </span>
     <span class='ocr_line' id='line_1_18' title="bbox 369 1248 733 1286; baseline 0.005 -2"><span class='ocrx_word' id='word_1_131' title='bbox 369 1248 612 1286; x_wconf 56' lang='lat' dir='ltr'>auctoritatis</span> <span class='ocrx_word' id='word_1_132' title='bbox 639 1248 733 1286; x_wconf 88' lang='lat' dir='ltr'>fuit.&#39;</span> 
     </span>
    </p>

    <p class='ocr_par' dir='ltr' id='par_1_4' title="bbox 370 1312 1621 1688">
     <span class='ocr_line' id='line_1_19' title="bbox 451 1312 1621 1365; baseline 0 -14"><span class='ocrx_word' id='word_1_133' title='bbox 451 1312 505 1364; x_wconf 89' lang='lat' dir='ltr'>(v)</span> <span class='ocrx_word' id='word_1_134' title='bbox 562 1314 659 1352; x_wconf 88' lang='lat' dir='ltr'>Cod.</span> <span class='ocrx_word' id='word_1_135' title='bbox 688 1314 882 1352; x_wconf 79' lang='lat' dir='ltr'>Galeanus</span> <span class='ocrx_word' id='word_1_136' title='bbox 902 1313 967 1365; x_wconf 83' lang='grc' dir='ltr'>(γ),</span> <span class='ocrx_word' id='word_1_137' title='bbox 987 1313 1103 1352; x_wconf 88' lang='lat' dir='ltr'>‘inter</span> <span class='ocrx_word' id='word_1_138' title='bbox 1121 1312 1405 1363; x_wconf 88' lang='lat' dir='ltr'>manuscriptos</span> <span class='ocrx_word' id='word_1_139' title='bbox 1426 1314 1621 1352; x_wconf 86' lang='lat' dir='ltr'>Galeanos</span> 
     </span>
     <span class='ocr_line' id='line_1_20' title="bbox 370 1377 1619 1429; baseline -0.001 -13"><span class='ocrx_word' id='word_1_140' title='bbox 370 1379 409 1416; x_wconf 89' lang='lat' dir='ltr'>in</span> <span class='ocrx_word' id='word_1_141' title='bbox 428 1378 519 1417; x_wconf 90' lang='lat' dir='ltr'>bibl.</span> <span class='ocrx_word' id='word_1_142' title='bbox 543 1380 577 1418; x_wconf 88' lang='lat' dir='ltr'>S.</span> <span class='ocrx_word' id='word_1_143' title='bbox 601 1379 801 1417; x_wconf 84' lang='lat' dir='ltr'>Trinitatis</span> <span class='ocrx_word' id='word_1_144' title='bbox 822 1379 988 1428; x_wconf 87' lang='lat' dir='ltr'>Collegii</span> <span class='ocrx_word' id='word_1_145' title='bbox 1010 1378 1350 1429; x_wconf 81' lang='lat' dir='ltr'>Cantabrigiensis‚</span> <span class='ocrx_word' id='word_1_146' title='bbox 1372 1377 1468 1415; x_wconf 88' lang='lat' dir='ltr'>mira</span> <span class='ocrx_word' id='word_1_147' title='bbox 1482 1385 1562 1416; x_wconf 85' lang='lat' dir='ltr'>arte</span> <span class='ocrx_word' id='word_1_148' title='bbox 1582 1378 1619 1415; x_wconf 87' lang='lat' dir='ltr'>in</span> 
     </span>
     <span class='ocr_line' id='line_1_21' title="bbox 370 1441 1620 1493; baseline -0.001 -13"><span class='ocrx_word' id='word_1_149' title='bbox 370 1443 634 1492; x_wconf 90' lang='lat' dir='ltr'>pulcherrimis</span> <span class='ocrx_word' id='word_1_150' title='bbox 672 1443 908 1481; x_wconf 89' lang='lat' dir='ltr'>membranis</span> <span class='ocrx_word' id='word_1_151' title='bbox 947 1442 1133 1493; x_wconf 81' lang='lat' dir='ltr'>scriptus3</span> <span class='ocrx_word' id='word_1_152' title='bbox 1176 1441 1495 1481; x_wconf 79' lang='lat' dir='ltr'>commemoravit</span> <span class='ocrx_word' id='word_1_153' title='bbox 1517 1446 1620 1480; x_wconf 90' lang='lat' dir='ltr'>&#39;eum</span> 
     </span>
     <span class='ocr_line' id='line_1_22' title="bbox 370 1506 1619 1557; baseline -0.002 -12"><span class='ocrx_word' id='word_1_154' title='bbox 370 1506 574 1557; x_wconf 86' lang='lat' dir='ltr'>aliquoties</span> <span class='ocrx_word' id='word_1_155' title='bbox 605 1508 829 1547; x_wconf 87' lang='lat' dir='ltr'>Bentleius.&#39;</span> <span class='ocrx_word' id='word_1_156' title='bbox 885 1510 918 1545; x_wconf 84' lang='lat' dir='ltr'><strong>A</strong></span> <span class='ocrx_word' id='word_1_157' title='bbox 940 1507 1076 1555; x_wconf 84' lang='lat' dir='ltr'>friend,</span> <span class='ocrx_word' id='word_1_158' title='bbox 1099 1515 1139 1546; x_wconf 90' lang='lat' dir='ltr'>to</span> <span class='ocrx_word' id='word_1_159' title='bbox 1158 1508 1290 1546; x_wconf 89' lang='lat' dir='ltr'>whose</span> <span class='ocrx_word' id='word_1_160' title='bbox 1312 1506 1498 1545; x_wconf 85' lang='lat' dir='ltr'>kindness</span> <span class='ocrx_word' id='word_1_161' title='bbox 1519 1508 1537 1543; x_wconf 88' lang='grc' dir='ltr'><strong>Ι</strong></span> <span class='ocrx_word' id='word_1_162' title='bbox 1559 1519 1619 1544; x_wconf 90' lang='lat' dir='ltr'>am</span> 
     </span>
     <span class='ocr_line' id='line_1_23' title="bbox 370 1570 1621 1622; baseline 0.001 -14"><span class='ocrx_word' id='word_1_163' title='bbox 370 1571 556 1609; x_wconf 85' lang='lat' dir='ltr'>indebted</span> <span class='ocrx_word' id='word_1_164' title='bbox 585 1571 643 1609; x_wconf 85' lang='lat' dir='ltr'>for</span> <span class='ocrx_word' id='word_1_165' title='bbox 671 1573 817 1611; x_wconf 86' lang='lat' dir='ltr'>several</span> <span class='ocrx_word' id='word_1_166' title='bbox 843 1571 1023 1622; x_wconf 86' lang='lat' dir='ltr'>readings</span> <span class='ocrx_word' id='word_1_167' title='bbox 1048 1573 1147 1610; x_wconf 87' lang='lat' dir='ltr'>from</span> <span class='ocrx_word' id='word_1_168' title='bbox 1173 1572 1238 1609; x_wconf 88' lang='lat' dir='ltr'>the</span> <span class='ocrx_word' id='word_1_169' title='bbox 1259 1572 1384 1610; x_wconf 85' lang='lat' dir='ltr'>above</span> <span class='ocrx_word' id='word_1_170' title='bbox 1407 1572 1490 1618; x_wconf 88' lang='lat' dir='ltr'>MS,</span> <span class='ocrx_word' id='word_1_171' title='bbox 1516 1570 1621 1619; x_wconf 83' lang='lat' dir='ltr'>gives</span> 
     </span>
     <span class='ocr_line' id='line_1_24' title="bbox 370 1636 1289 1688; baseline 0 -15"><span class='ocrx_word' id='word_1_172' title='bbox 370 1638 434 1674; x_wconf 81' lang='lat' dir='ltr'>the</span> <span class='ocrx_word' id='word_1_173' title='bbox 464 1637 608 1674; x_wconf 78' lang='lat' dir='ltr'>twelfth</span> <span class='ocrx_word' id='word_1_174' title='bbox 637 1645 797 1675; x_wconf 78' lang='lat' dir='ltr'>centurv</span> <span class='ocrx_word' id='word_1_175' title='bbox 826 1650 867 1675; x_wconf 72' lang='lat' dir='ltr'>as</span> <span class='ocrx_word' id='word_1_176' title='bbox 895 1636 943 1675; x_wconf 84' lang='lat' dir='ltr'>its</span> <span class='ocrx_word' id='word_1_177' title='bbox 972 1637 1160 1688; x_wconf 84' lang='lat' dir='ltr'>probable</span> <span class='ocrx_word' id='word_1_178' title='bbox 1189 1637 1289 1675; x_wconf 69' lang='lat' dir='ltr'>date.</span> 
     </span>
    </p>
   </div>
   <div class='ocr_carea' id='block_1_3' title="bbox 1785 1651 1795 2354">
    <p class='ocr_par' dir='ltr' id='par_1_5' title="bbox 1785 1651 1795 2354">
     <span class='ocr_line' id='line_1_25' title="bbox 1785 1651 1795 2354; baseline 0 0"><span class='ocrx_word' id='word_1_179' title='bbox 1785 1651 1795 2354; x_wconf 95' lang='lat' dir='ltr'> </span> 
     </span>
    </p>
   </div>
   <div class='ocr_carea' id='block_1_4' title="bbox 1775 1932 1795 2764">
    <p class='ocr_par' dir='ltr' id='par_1_6' title="bbox 1775 1932 1795 2764">
     <span class='ocr_line' id='line_1_26' title="bbox 1775 1932 1795 2764; baseline 0 0"><span class='ocrx_word' id='word_1_180' title='bbox 1775 1932 1795 2764; x_wconf 95' lang='lat' dir='ltr'> </span> 
     </span>
    </p>
   </div>
  </div>
 </body>
</html>
